@misc{Cable_Car ,
  author = {S. Fleishe},
  month = {09},
  title = {Wellington Cable Car and its Engineering Heritage},
  url = {https://d2rjvl4n5h2b61.cloudfront.net/media/documents/fleisher_paper.pdf},
  urldate = {2023-09-22},
  year = {2014}
}

@misc{gutschmidt_2023_sketch,
  author = {Gutschmidt, A/Prof. S. },
  month = {10},
  title = {Sketch of the dynamic trailer model (a); Sketch for the tyre kinematics (b).},
  urldate = {2023-10-08},
  year = {2023},
  organization = {Part 3 - Vibration Analysis of the Trailer}
}

@misc{brief,
  author = {Tim Giffney },
  month = {October},
  title = {LFR Brief 2024},
  urldate = {2024-10-20},
  year = {2024}, note = {University of Canterbury - Mechanical Engineering}
}

@article{hannazsofiahorvath_2021_stability,
  author = {Hanna Zsofia Horvath and Dénes Takács},
  month = {12},
  pages = {2115-2132},
  publisher = {Springer Science+Business Media},
  title = {Stability and local bifurcation analyses of two-wheeled trailers considering the nonlinear coupling between lateral and vertical motions},
  doi = {10.1007/s11071-021-07120-9},
  urldate = {2023-10-01},
  volume = {107},
  year = {2021},
  journal = {Nonlinear Dynamics}
}

@article{hannazsofiahorvath_2021_stability,
  author = {Hanna Zsofia Horvath and Dénes Takács},
  month = {12},
  pages = {2115-2132},
  publisher = {Springer Science+Business Media},
  title = {Stability and local bifurcation analyses of two-wheeled trailers considering the nonlinear coupling between lateral and vertical motions},
  doi = {10.1007/s11071-021-07120-9},
  urldate = {2023-10-01},
  volume = {107},
  year = {2021},
  journal = {Nonlinear Dynamics}
}

@article{kumaresan2017line,
  title={A Line Following Robot for Hospital Management},
  author={Kumaresan, P. and Priya, G. and Kavitha, B.R. and Ramya, G. and LawanyaShri, M.},
  journal={International Journal of Pure and Applied Mathematics},
  volume={116},
  number={24},
  pages={529--537},
  year={2017},
  publisher={Special Issue, IJPAM},
  issn={1311-8080 (print), 1314-3395 (online)},
  url={http://www.ijpam.eu}
}

@manual{enmt221_lfr2024,
  title={ENMT221 Term 4 Project: Line Following Race},
  year={2024},
  version={1.4},
  note={University of Canterbury, Mechatronics Department}, author = {Tim Giffney }
 }

@article{gumus2016line,
  title={The Use of Computer Controlled Line Follower Robots in Public Transport},
  author={Gumus, Omer and Topaloglu, Murat and Ozcelik, Dogan},
  journal={Procedia Computer Science},
  volume={102},
  pages={202--208},
  year={2016},
  publisher={Elsevier},
  doi={10.1016/j.procs.2016.09.390},
  url={https://doi.org/10.1016/j.procs.2016.09.390}
}
